<?xml version="1.0" encoding="UTF-8"?><collection xmlns="http://www.loc.gov/MARC21/slim"><record><leader>00467nam--2200145-i-4500</leader><controlfield tag="001">000023866</controlfield><controlfield tag="002">20161230</controlfield><controlfield tag="005">20161230201035</controlfield><controlfield tag="008">060222s1000------------r-----000-0-eng-d</controlfield><datafield ind1=" " ind2=" " tag="080"><subfield code="a">517.442</subfield></datafield><datafield ind1=" " ind2=" " tag="100"><subfield code="a">Hladik, Jean</subfield></datafield><datafield ind1=" " ind2=" " tag="245"><subfield code="a">La transformation de laplace a plusieur variables. resolution des equations differentielles integrales et aux derivees partielles</subfield></datafield><datafield ind1=" " ind2=" " tag="260"><subfield code="a">Paris, Masson Et C-ie, 1969, 246 P</subfield></datafield><datafield ind1=" " ind2=" " tag="852"><subfield code="a">47009</subfield><subfield code="c">517.63</subfield></datafield><datafield ind1=" " ind2=" " tag="CAT"><subfield code="a">Sys</subfield><subfield code="c">20080916</subfield><subfield code="h">120420</subfield></datafield></record></collection>